
@comment{This file has been generated by Pybliographer}


@Book{book,
	Author         = {{Ian M. Babbelbox}},
	Title          = {Zen and the {A}rt of {LWR} {M}aintenance},
	Publisher      = {Wiley Coyote \& Sons},
	Address        = {Palookaville, USA},
	month          = mar,
	year           = 1998
}

@mastersthesis{thesis,
	author = {Zheng, Weixiong},
	title = {Physics-Based Uncertainty Quantification for ZrHx Thermal	Scattering Law},
	school = {Texas A\&M University},
	month = {December},
	year = {2013}
}



@Misc{website,
	Title          = {Research {I}nstitute of {N}uclear {E}ngineering,
	{U}niversity of {F}ukui},
	HowPublished   = {Available online},
	url            = {http://www.rine.u-fukui.ac.jp/english/index.html},
	year           = 2013
}


@book{santner2003design,
	author = {Santner, T. J. and Williams, B. J. and Notz, W.},
	title = {{The {D}esign and Analysis of Computer Experiments}},
	publisher = {Springer},
	address = {New York, NY},
	year = {2003},
	series = {Springer Series in Statistics}
}


@article{Slaggie,
	Author = {E. L. Slaggie},
	Date-Added = {1967-11-29 15:01:35 -0500},
	Date-Modified = {1967-11-29 15:01:35 -0500},
	Journal = {J. Phys. Chem. Solids},
	Keywords = {SN},
	Pages = {923--934},
	Title = {{Central {F}orce Lattice Dynamical Model for Zirconium Hydride}},
	Volume = {29},
	Year = {1968}}

@techreport{IKE,
	Author = {Mattes, M. and Keinert, J.},
	Date-Added = {2010-01-15 14:53:00 -0500},
	Date-Modified = {2010-01-15 14:53:00 -0500},
	Institution = {Institue for Nuclear Technology and Energy System (IKE)-University of Stuttgart},
	Number = {INDC(NDS)-0470},
	Title = {{Thermal Netron Scattering Data for the Moderator Materials H$_2$O, D$_2$O and ZrH$_x$\, in ENDF-$6$ Format and as ACE Library for MCNP(X) Code}},
	Year = {2005}}

@techreport{triga,
	Author = {Texas A\&M University, Nuclear Science Center},
	Date-Added = {2010-01-15 14:53:00 -0500},
	Date-Modified = {2010-01-15 14:53:00 -0500},
	Institution = {Nuclear Science Center, Texas A\&M University},
	Number = {05000128},
	Title = {{Safety Analysis Report}},
	Year = {2011}}

@inproceedings{Badea,
	Author = {Badea, M. D. R. and Broeders, C. H. M.},
	Date-Added = {1967-11-29 15:01:35 -0500},
	Date-Modified = {1967-11-29 15:01:35 -0500},
	Booktitle = {International Conference on Nuclear Data for Science and Technology 2007},
	Title = {{On the Impact of Phonon Spectrum Shifts of the Hydrogen Binding in ZrH}},
	Number = {242},
	DOI = {10.1051/ndata:07681},
	Year = {2008}}

@inproceedings{weixiong,
	Author = {Zheng, W. and McClarren, R. G.},
	Date-Added = {1967-11-29 15:01:35 -0500},
	Date-Modified = {1967-11-29 15:01:35 -0500},
	Booktitle = {{ANS Winter Meeting 2013}},
	Title = {{Physics-Based Uncertainty Quantification for ZrHx Thermal Scattering Law}},
	Pages = {743--745},
	Volume = {109},
	Number = {1},
	Organization   = {ANS},
	Note           = {Washington, D.C., November 10 - 14},
	Year = {2013}}

@inproceedings{physor,
	Author = {Zheng, W. and McClarren, R. G.},
	Date-Added = {1967-11-29 15:01:35 -0500},
	Date-Modified = {1967-11-29 15:01:35 -0500},
	Booktitle = {{PHYSOR 2014 International Conference}},
	Title = {{Effective Physics-Based Uncertainty Quantification for ZrHx Thermal Neutron Scattering in TRIGA Reactors}},
	Pages = {743--745},
	Volume = {109},
	Number = {1},
	Organization   = {PHYSOR},
	Note           = {Kyoto, Japan, September 28 - October 3},
	Year = {2014}}

@article{Harling,
	Author = {Couch, J. G. and Harling, O. K. and Clune, L. C.},
	Date-Added = {1967-11-29 15:01:35 -0500},
	Date-Modified = {1967-11-29 15:01:35 -0500},
	Journal = {Physical Review B},
	Keywords = {SN},
	Pages = {923--934},
	Title = {{Structure in the Neutron Scattering Spectra of Zirconium Hydride}},
	Volume = {4},
	Number={8},
	Year = {1971}}

@book{glasstone,
	Author = {Bell, G. I. and Glasstone, S.},
	Title = {Nuclear Reactor Theory},
	Edition = {3rd},
	Publisher = {Krieger Pub Co},
	Year = {1985},
	Address = {Princeton, NJ}
}

@book{msa,
	title={{Mathematical Statistics with Applications}},
	author={Wackerly, D. D. and Mendenhall, W. and Scheaffer, R. L.},
	isbn={9780495385080},
	lccn={2007922554},
	year={2008},
	Edition = {7th},
	address={Belmont, CA},
	publisher={Cengage Learning Inc.}
}

@techreport{Macf,
	Author = {MacFarlane, R. E.},
	Date-Added = {2010-01-15 14:53:00 -0500},
	Date-Modified = {2010-01-15 14:53:00 -0500},
	Institution = {Los Alamos National Laboratory},
	Number = {LA-12639-MS(ENDF 356)},
	Title = {{New Thermal Neutron Scattering Files for ENDF/B-VI$,$ Release 2}},
	Address = {Los Alamos, NM},
	Year = {1994}}

@techreport{NJOY,
	Author = {MacFarlane, R. E. and Muir, D. W.},
	Date-Added = {2010-01-15 14:53:00 -0500},
	Date-Modified = {2010-01-15 14:53:00 -0500},
	Institution = {Los Alamos National Laboratory},
	Number = {LA-12740-M},
	Title = {{The NJOY Nuclear Data Processing System Version 91}},
	Year = {1994}}

@ARTICLE{Malik,
	author = {Malik, S. S. and Rorer, D. C. and Brunhart, G.},
	title = {{Optical-Phonon Structure and Precision Neutron Total Cross Section
	Measurements of Zirconium Hydride}},
	journal = {J. Phys. F: Met. Phys},
	year = {1984},
	volume = {14},
	pages = {73--81},
	date-added = {1983-8-1 15:01:35 -0500},
	date-modified = {1983-8-1 15:01:35 -0500},
	keywords = {SN}
}

@article{evans,
	title = {{Neutron-Scattering Study of the Impulse Approximation in ${\mathrm{ZrH}}_{2}$}},
	author = {Evans, A. C. and Timms, D. N. and Mayers, J. and Bennington, S. M.},
	journal = {Phys. Rev. B},
	volume = {53},
	issue = {6},
	pages = {3023--3031},
	year = {1996},
	month = {Feb.},
	doi = {10.1103/PhysRevB.53.3023},
	url = {http://link.aps.org/doi/10.1103/PhysRevB.53.3023},
	publisher = {American Physical Society}
}

@ARTICLE{mck, 
	author={McKinny, K. S. and Anderson, T. R. and Johnson, N. H.}, 
	journal={Nuclear Science, IEEE Transactions on}, 
	title={{Optimization of Coating in Boron-10 Lined Proportional Counters}}, 
	year={2013}, 
	volume={60}, 
	number={2}, 
	pages={860-863}, 
	keywords={Monte Carlo methods;helium-3 counters;neutron detection;radiation monitoring;B;B-10 coating formulation;GE Reuter-Stokes;Helium-3 gas;MCNP modeling;boron-10 lined proportional counters;coating optimization;experimental data;individual detector;maximize sensitivity;moderator conήgurations;moderator design;neutron detection;optimal coating thickness;radiation portal monitors;thermal neutron ήeld;Coatings;Detectors;Monitoring;Neutrons;Portals;Radiation detectors;Sensitivity;Boron-10 (B-10) proportional counter;neutron detector;radiation portal monitor}, 
	doi={10.1109/TNS.2012.2224125}, 
	ISSN={0018-9499},}

@misc{mathematica,
	author = {Weisstein, E. W.},
	title = {{ANOVA}},
	howpublished = "\url{http://mathworld.wolfram.com/ANOVA.html}",
	year = {2008}, 
	note = "[Online; accessed 10-Oct.-2013]"
}

@misc{anova1,
	author = {The MathWorks Inc.},
	title = {{anova1,~one-way analysis of variance}},
	howpublished = "\url{http://www.mathworks.com/help/stats/anova1.html}",
	note = "[Online; accessed 10-Oct.-2013]"
}

@misc{wikianova,
	author = {Wikipedia},
	title = {{Analysis of Variance --- {W}ikipedia{,} The Free Encyclopedia}},
	howpublished = "\url{http://en.wikipedia.org/wiki/Analysis_of_variance}",
	note = "[Online; accessed 9-Oct.-2013]"
}

@misc{data,
	title = {ENDF: Evaluated Nuclear Data File},
	url = {http://www-nds.iaea.org/endf/}}

@book{malick,
	author = {Denison, David G. T. and Holmes, Christopher C. and Mallick, Bani K. and Smith, Adrian F. M.},
	citeulike-article-id = {3872876},
	citeulike-linkout-0 = {http://www.wiley.com/WileyCDA/WileyTitle/productCd-0471490369,descCd-tableOfContents.html},
	keywords = {bayesian\_regression, nonparametric},
	posted-at = {2009-01-10 09:02:01},
	priority = {2},
	publisher = {Wiley},
	title = {{Bayesian Methods for Nonlinear Classification and Regression}},
	url = {http://www.wiley.com/WileyCDA/WileyTitle/productCd-0471490369,descCd-tableOfContents.html},
	year = {2002}
}

@article{stripbmars,
	title = "A calibration and data assimilation method using the Bayesian \{MARS\} emulator ",
	journal = "Annals of Nuclear Energy ",
	volume = "52",
	number = "0",
	pages = "103 - 112",
	year = "2013",
	note = "Nuclear Reactor Safety Simulation and Uncertainty Analysis ",
	issn = "0306-4549",
	doi = "http://dx.doi.org/10.1016/j.anucene.2012.08.025",
	url = "http://www.sciencedirect.com/science/article/pii/S0306454912003453",
	author = "H.F. Stripling and R.G. McClarren and C.C. Kuranz and M.J. Grosskopf and E. Rutter and B.R. Torralva",
	keywords = "Calibration",
	keywords = "Uncertainty quantification",
	keywords = "Predictive science",
	keywords = "Bayesian \{MARS\} "
}


@article{pie,
	added-at = {2013-10-25T00:00:00.000+0200},
	author = {McClarren, Ryan G. and Ryu, Duchwan and Drake, R. Paul and Grosskopf, Michael and Bingham, Derek and Chou, Chuan-Chih and Fryxell, Bruce and van der Holst, Bart and Holloway, James Paul and Kuranz, Carolyn C. and Mallick, Bani K. and Rutter, Erica and Torralva, Ben R.},
	biburl = {http://www.bibsonomy.org/bibtex/2747960f429b314a8e493f5af93243023/dblp},
	ee = {http://dx.doi.org/10.1016/j.ress.2010.08.012},
	interhash = {eb8ecd5a6b8e6ee83445aeb0cfd8e086},
	intrahash = {747960f429b314a8e493f5af93243023},
	journal = {Rel. Eng. \& Sys. Safety},
	keywords = {dblp},
	number = 9,
	pages = {1194-1207},
	timestamp = {2013-10-25T00:00:00.000+0200},
	title = {A physics informed emulator for laser-driven radiating shock simulations.},
	url = {http://dblp.uni-trier.de/db/journals/ress/ress96.html#McClarrenRDGBCFHHKMRT11},
	volume = 96,
	year = 2011
}

@article{friedman1991,
	author = "Friedman, Jerome H.",
	doi = "10.1214/aos/1176347963",
	fjournal = "The Annals of Statistics",
	journal = "Ann. Statist.",
	month = "03",
	number = "1",
	pages = "1--67",
	publisher = "The Institute of Mathematical Statistics",
	title = "Multivariate Adaptive Regression Splines",
	url = "http://dx.doi.org/10.1214/aos/1176347963",
	volume = "19",
	year = "1991"
}
