
@comment{This file has been generated by Pybliographer}


@Book{book,
	Author         = {{Ian M. Babbelbox}},
	Title          = {Zen and the {A}rt of {LWR} {M}aintenance},
	Publisher      = {Wiley Coyote \& Sons},
	Address        = {Palookaville, USA},
	month          = mar,
	year           = 1998
}

@article{vincent_fpn,
	title = "Implicit filtered \{PN\} for high-energy density thermal radiation transport using discontinuous Galerkin finite elements ",
	journal = "Journal of Computational Physics ",
	volume = "321",
	number = "",
	pages = "624 - 643",
	year = "2016",
	author = "Vincent M. Laboure and Ryan G. McClarren and Cory D. Hauck",
	keywords = "Radiation transport",
	keywords = "Thermal radiative transfer",
	keywords = "Spherical harmonics",
	keywords = "Spectral filtering",
	keywords = "Fully implicit methods",
	keywords = "Discontinuous Galerkin "
}

@techreport{zheng-inl,
	Author = {Weixiong Zheng and Yaqi Wang and Mark DeHart},
	Institution = {Idaho National Laboratory},
	Number = {INL/EXT-16-39793},
	Title = {Multiscale Capability in Rattlesnake using Contiguous Discontinuous Discretization of Self-Adjoint Angular Flux Equation},
	Year = {2016}}

@article{runchang,
	author = {Runchang Lin},
	title = {{Discontinuous Discretization for Least-Squares Formulation of Singularity Perturbed Reaction-Diffusion Problems in One and Two Dimensions}},
	journal = {SIAM J. NUMER. ANAL},
	volume = {47},
	number = {1},
	pages = {89--108},
	year = {2008}
}

@phdthesis{zheng-dissertation,
	title    = {Least-Squares and Other Residual Based Techniques for Radiation Transport Calculations},
	school   = {Texas A\&M University},
	author   = {Weixiong Zheng},
	type     = {{PhD} dissertation},
	year     = {2016}
}

@article{weixiong_tpn,
	title = "Moment closures based on minimizing the residual of the \{PN\} angular expansion in radiation transport ",
	journal = "Journal of Computational Physics ",
	volume = "314",
	number = "",
	pages = "682 - 699",
	year = "2016",
	author = "Weixiong Zheng and Ryan G. McClarren"
}

@mastersthesis{thesis,
	author = {Zheng, Weixiong},
	title = {Physics-Based Uncertainty Quantification for ZrHx Thermal	Scattering Law},
	school = {Texas A\&M University},
	month = {December},
	year = {2013}
}

@mastersthesis{saaf-thesis,
	author = {A. S. Bielen},
	title = {SPHERICAL HARMONICS SOLUTIONS TO SECOND ORDER FORMS OF THE BOLTZMANN TRANSPORT EQUATION USING PARTICLE TRANSPORT CODE SCEPTRE},
	school = {Pennsylvania State University},
	month = {May},
	year = {2008}
}

@article{Hansen:2015jq,
author = {Hansen, Jon and Peterson, Jacob and Morel, Jim and Ragusa, Jean and Wang, Yaqi},
title = {{A Least-Squares Transport Equation Compatible with Voids}},
journal = {Journal of Computational and Theoretical Transport},
year = {2015},
volume = {43},
number = {1-7},
pages = {374--401},
month = feb
}



@Misc{website,
	Title          = {Research {I}nstitute of {N}uclear {E}ngineering,
	{U}niversity of {F}ukui},
	HowPublished   = {Available online},
	url            = {http://www.rine.u-fukui.ac.jp/english/index.html},
	year           = 2013
}


@book{santner2003design,
	author = {Santner, T. J. and Williams, B. J. and Notz, W.},
	title = {{The {D}esign and Analysis of Computer Experiments}},
	publisher = {Springer},
	address = {New York, NY},
	year = {2003},
	series = {Springer Series in Statistics}
}


@article{Slaggie,
	Author = {E. L. Slaggie},
	Date-Added = {1967-11-29 15:01:35 -0500},
	Date-Modified = {1967-11-29 15:01:35 -0500},
	Journal = {J. Phys. Chem. Solids},
	Keywords = {SN},
	Pages = {923--934},
	Title = {{Central {F}orce Lattice Dynamical Model for Zirconium Hydride}},
	Volume = {29},
	Year = {1968}}

@techreport{IKE,
	Author = {Mattes, M. and Keinert, J.},
	Date-Added = {2010-01-15 14:53:00 -0500},
	Date-Modified = {2010-01-15 14:53:00 -0500},
	Institution = {Institue for Nuclear Technology and Energy System (IKE)-University of Stuttgart},
	Number = {INDC(NDS)-0470},
	Title = {{Thermal Netron Scattering Data for the Moderator Materials H$_2$O, D$_2$O and ZrH$_x$\, in ENDF-$6$ Format and as ACE Library for MCNP(X) Code}},
	Year = {2005}}

@techreport{triga,
	Author = {Texas A\&M University, Nuclear Science Center},
	Date-Added = {2010-01-15 14:53:00 -0500},
	Date-Modified = {2010-01-15 14:53:00 -0500},
	Institution = {Nuclear Science Center, Texas A\&M University},
	Number = {05000128},
	Title = {{Safety Analysis Report}},
	Year = {2011}}

@inproceedings{Badea,
	Author = {Badea, M. D. R. and Broeders, C. H. M.},
	Date-Added = {1967-11-29 15:01:35 -0500},
	Date-Modified = {1967-11-29 15:01:35 -0500},
	Booktitle = {International Conference on Nuclear Data for Science and Technology 2007},
	Title = {{On the Impact of Phonon Spectrum Shifts of the Hydrogen Binding in ZrH}},
	Number = {242},
	DOI = {10.1051/ndata:07681},
	Year = {2008}}

@inproceedings{weixiong,
	Author = {Zheng, W. and McClarren, R. G.},
	Date-Added = {1967-11-29 15:01:35 -0500},
	Date-Modified = {1967-11-29 15:01:35 -0500},
	Booktitle = {{ANS Winter Meeting 2013}},
	Title = {{Physics-Based Uncertainty Quantification for ZrHx Thermal Scattering Law}},
	Pages = {743--745},
	Volume = {109},
	Number = {1},
	Organization   = {ANS},
	Note           = {Washington, D.C., November 10 - 14},
	Year = {2013}}

@inproceedings{physor,
	Author = {Zheng, W. and McClarren, R. G.},
	Date-Added = {1967-11-29 15:01:35 -0500},
	Date-Modified = {1967-11-29 15:01:35 -0500},
	Booktitle = {{PHYSOR 2014 International Conference}},
	Title = {{Effective Physics-Based Uncertainty Quantification for ZrHx Thermal Neutron Scattering in TRIGA Reactors}},
	Pages = {743--745},
	Volume = {109},
	Number = {1},
	Organization   = {PHYSOR},
	Note           = {Kyoto, Japan, September 28 - October 3},
	Year = {2014}}

@article{Harling,
	Author = {Couch, J. G. and Harling, O. K. and Clune, L. C.},
	Date-Added = {1967-11-29 15:01:35 -0500},
	Date-Modified = {1967-11-29 15:01:35 -0500},
	Journal = {Physical Review B},
	Keywords = {SN},
	Pages = {923--934},
	Title = {{Structure in the Neutron Scattering Spectra of Zirconium Hydride}},
	Volume = {4},
	Number={8},
	Year = {1971}}

@book{glasstone,
	Author = {Bell, G. I. and Glasstone, S.},
	Title = {Nuclear Reactor Theory},
	Edition = {3rd},
	Publisher = {Krieger Pub Co},
	Year = {1985},
	Address = {Princeton, NJ}
}

@book{msa,
	title={{Mathematical Statistics with Applications}},
	author={Wackerly, D. D. and Mendenhall, W. and Scheaffer, R. L.},
	isbn={9780495385080},
	lccn={2007922554},
	year={2008},
	Edition = {7th},
	address={Belmont, CA},
	publisher={Cengage Learning Inc.}
}

@techreport{Macf,
	Author = {MacFarlane, R. E.},
	Date-Added = {2010-01-15 14:53:00 -0500},
	Date-Modified = {2010-01-15 14:53:00 -0500},
	Institution = {Los Alamos National Laboratory},
	Number = {LA-12639-MS(ENDF 356)},
	Title = {{New Thermal Neutron Scattering Files for ENDF/B-VI$,$ Release 2}},
	Address = {Los Alamos, NM},
	Year = {1994}}

@techreport{NJOY,
	Author = {MacFarlane, R. E. and Muir, D. W.},
	Date-Added = {2010-01-15 14:53:00 -0500},
	Date-Modified = {2010-01-15 14:53:00 -0500},
	Institution = {Los Alamos National Laboratory},
	Number = {LA-12740-M},
	Title = {{The NJOY Nuclear Data Processing System Version 91}},
	Year = {1994}}

@ARTICLE{Malik,
	author = {Malik, S. S. and Rorer, D. C. and Brunhart, G.},
	title = {{Optical-Phonon Structure and Precision Neutron Total Cross Section
	Measurements of Zirconium Hydride}},
	journal = {J. Phys. F: Met. Phys},
	year = {1984},
	volume = {14},
	pages = {73--81},
	date-added = {1983-8-1 15:01:35 -0500},
	date-modified = {1983-8-1 15:01:35 -0500},
	keywords = {SN}
}

@article{evans,
	title = {{Neutron-Scattering Study of the Impulse Approximation in ${\mathrm{ZrH}}_{2}$}},
	author = {Evans, A. C. and Timms, D. N. and Mayers, J. and Bennington, S. M.},
	journal = {Phys. Rev. B},
	volume = {53},
	issue = {6},
	pages = {3023--3031},
	year = {1996},
	month = {Feb.},
	doi = {10.1103/PhysRevB.53.3023},
	url = {http://link.aps.org/doi/10.1103/PhysRevB.53.3023},
	publisher = {American Physical Society}
}

@ARTICLE{mck, 
	author={McKinny, K. S. and Anderson, T. R. and Johnson, N. H.}, 
	journal={Nuclear Science, IEEE Transactions on}, 
	title={{Optimization of Coating in Boron-10 Lined Proportional Counters}}, 
	year={2013}, 
	volume={60}, 
	number={2}, 
	pages={860-863}, 
	keywords={Monte Carlo methods;helium-3 counters;neutron detection;radiation monitoring;B;B-10 coating formulation;GE Reuter-Stokes;Helium-3 gas;MCNP modeling;boron-10 lined proportional counters;coating optimization;experimental data;individual detector;maximize sensitivity;moderator conήgurations;moderator design;neutron detection;optimal coating thickness;radiation portal monitors;thermal neutron ήeld;Coatings;Detectors;Monitoring;Neutrons;Portals;Radiation detectors;Sensitivity;Boron-10 (B-10) proportional counter;neutron detector;radiation portal monitor}, 
	doi={10.1109/TNS.2012.2224125}, 
	ISSN={0018-9499},}

@misc{mathematica,
	author = {Weisstein, E. W.},
	title = {{ANOVA}},
	howpublished = "\url{http://mathworld.wolfram.com/ANOVA.html}",
	year = {2008}, 
	note = "[Online; accessed 10-Oct.-2013]"
}

@misc{anova1,
	author = {The MathWorks Inc.},
	title = {{anova1,~one-way analysis of variance}},
	howpublished = "\url{http://www.mathworks.com/help/stats/anova1.html}",
	note = "[Online; accessed 10-Oct.-2013]"
}

@misc{wikianova,
	author = {Wikipedia},
	title = {{Analysis of Variance --- {W}ikipedia{,} The Free Encyclopedia}},
	howpublished = "\url{http://en.wikipedia.org/wiki/Analysis_of_variance}",
	note = "[Online; accessed 9-Oct.-2013]"
}

@misc{data,
	title = {ENDF: Evaluated Nuclear Data File},
	url = {http://www-nds.iaea.org/endf/}}

@book{malick,
	author = {Denison, David G. T. and Holmes, Christopher C. and Mallick, Bani K. and Smith, Adrian F. M.},
	citeulike-article-id = {3872876},
	citeulike-linkout-0 = {http://www.wiley.com/WileyCDA/WileyTitle/productCd-0471490369,descCd-tableOfContents.html},
	keywords = {bayesian\_regression, nonparametric},
	posted-at = {2009-01-10 09:02:01},
	priority = {2},
	publisher = {Wiley},
	title = {{Bayesian Methods for Nonlinear Classification and Regression}},
	url = {http://www.wiley.com/WileyCDA/WileyTitle/productCd-0471490369,descCd-tableOfContents.html},
	year = {2002}
}

@article{stripbmars,
	title = "A calibration and data assimilation method using the Bayesian \{MARS\} emulator ",
	journal = "Annals of Nuclear Energy ",
	volume = "52",
	number = "0",
	pages = "103 - 112",
	year = "2013",
	note = "Nuclear Reactor Safety Simulation and Uncertainty Analysis ",
	issn = "0306-4549",
	doi = "http://dx.doi.org/10.1016/j.anucene.2012.08.025",
	url = "http://www.sciencedirect.com/science/article/pii/S0306454912003453",
	author = "H.F. Stripling and R.G. McClarren and C.C. Kuranz and M.J. Grosskopf and E. Rutter and B.R. Torralva",
	keywords = "Calibration",
	keywords = "Uncertainty quantification",
	keywords = "Predictive science",
	keywords = "Bayesian \{MARS\} "
}


@article{pie,
	added-at = {2013-10-25T00:00:00.000+0200},
	author = {McClarren, Ryan G. and Ryu, Duchwan and Drake, R. Paul and Grosskopf, Michael and Bingham, Derek and Chou, Chuan-Chih and Fryxell, Bruce and van der Holst, Bart and Holloway, James Paul and Kuranz, Carolyn C. and Mallick, Bani K. and Rutter, Erica and Torralva, Ben R.},
	biburl = {http://www.bibsonomy.org/bibtex/2747960f429b314a8e493f5af93243023/dblp},
	ee = {http://dx.doi.org/10.1016/j.ress.2010.08.012},
	interhash = {eb8ecd5a6b8e6ee83445aeb0cfd8e086},
	intrahash = {747960f429b314a8e493f5af93243023},
	journal = {Rel. Eng. \& Sys. Safety},
	keywords = {dblp},
	number = 9,
	pages = {1194-1207},
	timestamp = {2013-10-25T00:00:00.000+0200},
	title = {A physics informed emulator for laser-driven radiating shock simulations.},
	url = {http://dblp.uni-trier.de/db/journals/ress/ress96.html#McClarrenRDGBCFHHKMRT11},
	volume = 96,
	year = 2011
}

@article{friedman1991,
	author = "Friedman, Jerome H.",
	doi = "10.1214/aos/1176347963",
	fjournal = "The Annals of Statistics",
	journal = "Ann. Statist.",
	month = "03",
	number = "1",
	pages = "1--67",
	publisher = "The Institute of Mathematical Statistics",
	title = "Multivariate Adaptive Regression Splines",
	url = "http://dx.doi.org/10.1214/aos/1176347963",
	volume = "19",
	year = "1991"
}


@article{mccradshock10,
	title = "Anti-diffusive radiation flow in the cooling layer of a radiating shock ",
	journal = "Journal of Quantitative Spectroscopy and Radiative Transfer ",
	volume = "111",
	number = "14",
	pages = "2095 - 2105",
	year = "2010",
	note = "",
	issn = "0022-4073",
	doi = "http://dx.doi.org/10.1016/j.jqsrt.2010.05.013",
	url = "http://www.sciencedirect.com/science/article/pii/S0022407310001822",
	author = "Ryan G. McClarren and R. Paul Drake",
	keywords = "Radiative transfer",
	keywords = "Eddington approximation",
	keywords = "Diffusion methods "
}

@article{spn_derive,
	title = "Asymptotic derivation and numerical investigation of time-dependent simplified equations ",
	journal = "Journal of Computational Physics ",
	volume = "238",
	number = "",
	pages = "315 - 336",
	year = "2013",
	author = "E. Olbrant and E.W. Larsen and M. Frank and B. Seibold"
}

@article{mccfpn09,
	title = "Simulating radiative transfer with filtered spherical harmonics ",
	journal = "Physics Letters A ",
	volume = "374",
	number = "22",
	pages = "2290 - 2296",
	year = "2010",
	note = "",
	issn = "0375-9601",
	doi = "http://dx.doi.org/10.1016/j.physleta.2010.02.041",
	url = "http://www.sciencedirect.com/science/article/pii/S0375960110002021",
	author = "Ryan G. McClarren and Cory D. Hauck",
	keywords = "Radiation transport",
	keywords = "High energy density physics",
	keywords = "Kinetic equations",
	keywords = "Spherical harmonics method "
}

@article{mcclarren2008quasi,
  title={A Quasi-Linear Implementation of High-Resolution Time Integration for the P n Equations},
  author={McClarren, Ryan G and Holloway, James Paul},
  journal={Nuclear Science and Engineering},
  volume={159},
  number={3},
  pages={330--337},
  year={2008},
  publisher={American Nuclear Society}
}

@article{levermoredn,
	author = {Matthias Schäfer and Martin Frank and C. David Levermore},
	title = {Diffusive Corrections to \$P\_N\$ Approximations},
	journal = {Multiscale Modeling \& Simulation},
	volume = {9},
	number = {1},
	pages = {1-28},
	year = {2011},
	doi = {10.1137/090764542},
	
	URL = { 
	http://dx.doi.org/10.1137/090764542
	
	},
	eprint = { 
	http://dx.doi.org/10.1137/090764542
	
	}
	
}

@CONFERENCE{p3qs,
	author={Oh, K.S. and Holloway, J.P.},
	title={A quasi-static closure for 3rd order spherical harmonics time-dependent radiation transport in 2-D},
	journal={American Nuclear Society - International Conference on Mathematics, Computational Methods and Reactor Physics 2009, M and C 2009},
	year={2009},
	volume={3},
	pages={1938-1948},
	note={cited By 0},
	url={http://www.scopus.com/inward/record.url?eid=2-s2.0-74549196287&partnerID=40&md5=067624efc28e6ab8fcd497d7c581617a},
	document_type={Conference Paper},
	source={Scopus},
}

@article{brunnerentropy,
	title = "One-dimensional Riemann solvers and the maximum entropy closure ",
	journal = "Journal of Quantitative Spectroscopy and Radiative Transfer ",
	volume = "69",
	number = "5",
	pages = "543 - 566",
	year = "2001",
	note = "",
	issn = "0022-4073",
	doi = "http://dx.doi.org/10.1016/S0022-4073(00)00099-6",
	url = "http://www.sciencedirect.com/science/article/pii/S0022407300000996",
	author = "Thomas A. Brunner and James Paul Holloway",
	keywords = "Maximum entropy closure",
	keywords = "Riemann solver",
	keywords = "Time-dependent transport "
}

@article{coryentropy,
	title={High-order entropy-based closures for linear transport in slab geometry},
	author={Hauck, Cory D},
	journal={Commun. Math. Sci},
	volume={9},
	number={1},
	pages={187--205},
	year={2011}
}

@misc{legendrerecur,
	author   = {Weisstein, Eric W.},
	title    = {Legendre Polynomial. {From MathWorld---A Wolfram Web Resource}},
	url      = {\url{http://mathworld.wolfram.com/LegendrePolynomial.html}},
	note     = {Last visited on 13/4/2012},
}

@CONFERENCE{ganapol,
	author={Ganapol, B. D. and Baker, R. S. (Randall S.) and Dahl, J. A. (Jon A.) and Alcouffe, Raymond E.},
	title={A quasi-static closure for 3rd order spherical harmonics time-dependent radiation transport in 2-D},
	journal={American Nuclear Society - International Conference on Mathematics, Computational Methods and Reactor Physics 2001, M and C 2001},
	place={Salt Lake City, Utah, United States},
	year={2001},
	volume={3},
	pages={1938-1948},
	note={cited By 0},
	url={http://www.osti.gov/scitech/servlets/purl/975281},
	document_type={Conference Paper},
	source={Scopus},
}

@phdthesis{mccdissertation,
	title    = {{Spherical Harmonics Method for Thermal Radiation Transport}},
	school   = {University of Michigan},
	author   = {McClarren, Ryan G.},
	year     = {2007}, %other attributes omitted
}

@phdthesis{yaqi_dissertation,
	title    = {{Adaptive Mesh Refinement SOlution Techniques for the MUltigroup S$_N$\ Transport Equation Using a Higher-order Discontinuous Finite Element Method}},
	school   = {Texas A\&M University},
	author   = {Yaqi Wang},
	year     = {2009}, %other attributes omitted
}

@phdthesis{yunhuang_dissertation,
	title    = {{Even-parity S$_N$\ Adjoint Method Including SP$_N$\ Model Error and Iterative Efficiency}},
	school   = {Texas A\&M University},
	author   = {Yunhuang Zhang},
	year     = {2014}, %other attributes omitted
}

@phdthesis{ressel_dissertation,
	title    = {{Least-Squares Finite Element Solution of the Neutron Transport Equation in Diffusive Regimes}},
	school   = {University of Colorado},
	author   = {K. J. Ressel},
	year     = {1994}, %other attributes omitted
}

@phdthesis{varin_dissertation,
	title    = {{Résolution de l’équation de transport neutronique par une méthode de moindres carrés en trois dimensions}},
	school   = {Ecole Centrale Paris, France},
	author   = {E. Varin},
	year     = {2001}, %other attributes omitted
}

@CONFERENCE{petermc,
	author={Maginot, Peter and Morel, Jim and Ragusa Jean},
	title={A Positive Non-Linear Closure for the Sn Equations with Linear-Discontinous Spatial Differencing},
	journal={American Nuclear Society - International Conference on Mathematics, Computational Methods and Reactor Physics 2009, M\& C 2009},
	place={Saratoga Springs, New York, United States},
	year={2009},
	volume={3},
	pages={1938-1948}, %note={cited By 0},
	document_type={Conference Paper},
	source={Scopus},
}

@inproceedings{clifmc,
	author={Drumm, Clif},
	title={{Spherical Harmonics (Pn) Methods In The Sceptre Radiation Transport Code}},
	Booktitle={ANS M\&C2015},
	Note={{Nashville, TN, United States}},
	year={2015}
	
}

@ARTICLE{guermond_l1,
	author = {J. L. Guermond},
	title = {A Finite Element Technique for Solving First Order PDEs in $L_p$},
	journal = {SIAM J. Numer. Anal},
	volume = {42},
	number = {2},
	year = {2004},
	pages = {714-737},
}

@ARTICLE{manteuffel_lspn_scaling,
	author = {T. A. Manteuffel and K. J. Ressel},
	title = {{Least-Squares Finite-Element Solution of the Neutron Transport Equation in Diffusive Regimes}},
	journal = {SIAM J. Numer. Anal},
	volume = {35},
	number = {2},
	year = {1998},
	pages = {806-835},
}

@ARTICLE{manteuffel_boundary,
	author = {T. A. Manteuffel and K. J. Ressel and G. Strake},
	title = {{A Boundary Functional for the Least Squares Finite-Element Solution of Neutron Transport Problems}},
	journal = {SIAM J. Numer. Anal},
	volume = {37},
	number = {2},
	year = {2000},
	pages = {556-586},
}

@article{conjugate-gradient,
	author={M. R. Hestenes and E. Stiefel},
	title={Methods of Conjugate Gradients for Solving Linear Systems},
	journal={Journal of Research of the National Bureau of Standards},
	volume={49},
	number={6},
	year={1952},
	pages={409--436},
}

@article{lowrie_l1,
	title = "On the Numerical Solution of Conservation Laws by Minimizing Residuals ",
	journal = "Journal of Computational Physics ",
	volume = "113",
	number = "2",
	pages = "304 - 308",
	year = "1994",
	note = "",
	issn = "0021-9991",
	doi = "http://dx.doi.org/10.1006/jcph.1994.1137",
	url = "http://www.sciencedirect.com/science/article/pii/S0021999184711375",
	author = "R.B. Lowrie and P.L. Roe",
	
}

@article{bnjiang_l1,
	title = "Non-oscillatory and Non-diffusive Solution of Convection Problems by the Iteratively Reweighted  Least-Square Finite Element Method ",
	journal = "Journal of Computational Physics ",
	volume = "105",
	pages = "108 - 121",
	year = "1993",
	note = "",
	author = "B.N. Jiang",
	
}

@article{larsen_1987,
	author = {Larsen, Edward W. and Morel, J. E. and Miller, Warren F.},
	title = {Asymptotic Solutions of Numerical Transport Problems in Optically Thick, Diffusive Regimes},
	journal = {J. Comput. Phys.},
	issue_date = {April 1987},
	volume = {69},
	number = {2},
	month = apr,
	year = {1987},
	issn = {0021-9991},
	pages = {283--324},
	numpages = {42},
	url = {http://dx.doi.org/10.1016/0021-9991(87)90170-7},
	doi = {10.1016/0021-9991(87)90170-7},
	acmid = {32857},
	publisher = {Academic Press Professional, Inc.},
	address = {San Diego, CA, USA},
}

@article{larsen_1989,
	author = {Larsen, Edward W. and Morel, J. E.},
	title = {Asymptotic Solutions of Numerical Transport Problems in Optically Thick, Diffusive Regimes II},
	journal = {J. Comput. Phys.},
	volume = {83},
	year = {1989},
	pages = {212--236},
	publisher = {Academic Press Professional, Inc.},
	address = {San Diego, CA, USA},
}

@article{reed_1971, 
	title={New Difference Schemes For The Neutron Transport Equation}, 
	journal={Nucl. Sci. Eng. 46:  No. 2, 309-14}, author={Reed, W.H.}, year={1971}}

@article{dealii82,
	title = {The \texttt{deal.II} Library, Version 8.2},
	author = {W. Bangerth and T. Heister and L. Heltai
	and G. Kanschat and M. Kronbichler
	and M. Maier and B. Turcksin
	and T. D. Young},
	journal = {Archive of Numerical Software},
	volume = 3,
	year = {2015},
}

@article{zheng-freegas,
	title = "Semi-analytic benchmark for multi-group free-gas Legendre moments and the application of Gauss quadrature in generating thermal scattering Legendre moments ",
	journal = "Annals of Nuclear Energy ",
	volume = "85",
	number = "",
	pages = "1131 - 1140",
	year = "2015",
	note = "",
	issn = "0306-4549",
	doi = "https://doi.org/10.1016/j.anucene.2015.07.031",
	url = "http://www.sciencedirect.com/science/article/pii/S0306454915003953",
	author = "Weixiong Zheng and Ryan G. McClarren"
}

@article{yaqi-invite,
	title ={Hybrid with Lagrange multiplier and upwinding for the multiscale transport capability in Rattlesnake},
	journal = {Progress in Nuclear Energy},
	year = {2017},
	author = {Yaqi Wang and Sebastian Schunert and Mark DeHart and Richard Martineau and Weixiong Zheng}
}

@ARTICLE{zheng-l1,
	author = {{Zheng}, W. and {McClarren}, R.~G.},
	title = {Effective Non-oscillatory Regularized L$\_1$ Finite Elements for Particle Transport Simulations},
	journal = {ArXiv e-prints},
	archivePrefix = "arXiv",
	eprint = {1612.05581},
	primaryClass = "physics.comp-ph",
	keywords = {Physics - Computational Physics},
	year = 2016,
	month = dec,
	adsurl = {http://adsabs.harvard.edu/abs/2016arXiv161205581Z},
	adsnote = {Provided by the SAO/NASA Astrophysics Data System}
}

@ARTICLE{zheng-cdls,
	author = {{Zheng}, W. and {McClarren}, R.~G. and {Morel}, J.~E.},
	title = {An Accurate Globally Conservative Subdomain Discontinuous Least-squares Scheme for Solving Neutron Transport Problems},
	journal = {ArXiv e-prints},
	archivePrefix = "arXiv",
	eprint = {1612.01982},
	primaryClass = "physics.comp-ph",
	keywords = {Physics - Computational Physics},
	year = 2016,
	month = dec,
	adsurl = {http://adsabs.harvard.edu/abs/2016arXiv161201982Z},
	adsnote = {Provided by the SAO/NASA Astrophysics Data System}
}

@inproceedings{zheng_l1sn,
	Author = {Zheng, W. and McClarren, R. G.},
	Booktitle = {{ANS Winter Meeting 2015}},
	Title = {{Non-oscillatory Reweighted Least Square Finite Element Method for S$_N$\ Transport}},
	Pages = {688--691},
	Volume = {113},
	Number = {1},
	OR. G.anization   = {ANS},
	note           = {Washington, D.C.},
	Year = {2015}}

@inproceedings{zheng_l1pn,
	Author = {Zheng, W. and McClarren, R. G.},
	Booktitle = {{ANS Winter Meeting 2015}},
	Title = {{Non-oscillatory Reweighted Least Square Finite Element for Solving $P_N$\ Transport}},
	Pages = {692--695},
	Volume = {113},
	Number = {1},
	OR. G.anization   = {ANS},
	note           = {Washington, D.C.},
	Year = {2015}}

@inproceedings{zheng-physor16,
	Author = {Weixiong Zheng and Ryan G. McClarren},
	Booktitle = {{PHYSOR 2016}},
	Title = {Asymptotic Preserving Least Square PN Methods of Transport Equation},
	note           = {Sun Valley, ID, May 01 - 05},
	Year = {2016}}

@inproceedings{vincent-physor16,
	Author = {Vincent M. Laboure and Y. Wang and M. D. DeHart},
	Booktitle = {{PHYSOR 2016}},
	Title = {Least-squares PN Formulation of the Transport Equation Using Self-Adjoint Angular Flux Consistent Boundary Conditions},
	note           = {Sun Valley, ID, May 01 - 05},
	Year = {2016}}

@conference{morel-holo,
	author={Jacob R. Peterson and Hans R. Hammer and Jim E. Morel and Jean C. Ragusa and Yaqi Wang},
	title={{Conservative Nonlinear Diffusion Acceleration Applied to the Unweighted Least-squares Transport Equation in MOOSE}},
	booktitle={ANS MC2015 - Joint International Conference on Mathematics and Computation (M\&C), Supercomputing in Nuclear Applications (SNA) and the Monte Carlo (MC) Method},
	note={Nashville, TN, United States},
	year={2015},
	document_type={Conference Paper},
}

%% This BibTeX bibliography file was created using BibDesk.
%% http://bibdesk.sourceforge.net/


%% Created for Seth Johnson at 2010-01-15 15:01:56 -0500 


%% Saved with string encoding Unicode (UTF-8) 

@article{morel_saaf,
	Author = {Morel, J. E. and McGhee, J. M.},
	Journal = {Nuclear Science and Engineering},
	Keywords = {SN},
	Pages = {312--325},
	Title = {{A Self-Adjoint Angular Flux Equation}},
	Volume = {132},
	Year = {1999}}

@article{zheng-emulation,
	Author = {Weixiong Zheng and Ryan G. McClarren},
	Journal = {Nuclear Science and Engineering},
	Pages = {78--95},
	Title = {Emulation-Based Calibration for Parameterized Phonon Spectrum of ZrHx in TRIGA Reactor Simulations},
	Volume = {183},
	number={1}
	Year = {2016}}

@article{cao-saaf-pn,
	title = {A spherical harmonics—Finite element discretization of the self-adjoint angular flux neutron transport equation},
	journal = {Nuclear Engineering and Design},
	volume = {237},
	number = {23},
	author={L. Cao and H. Wu},
	pages = {2232--2239},
	year = {2007},
}

@article{adams_iron_water,
	Author = {Chris L. Castrianni and Marvin L. Adams},
	Journal = {Nuclear Science and Engineering},
	Keywords = {SN},
	Pages = {278--296},
	Title = {{A Nonlinear Corner-Balance Spatial Discretization for Transport on Arbitrary Grids}},
	Volume = {128},
	Year = {1998}}

@article{varin_lspn,
	Author = {Varin, E. and Samba, G.},
	Journal = {Nuclear Science and Engineering},
	Keywords = {lspn},
	Pages = {167--183},
	Title = {{Spherical Harmonics Finite Element Transport Equation Solution Using a Least-Square Approach}},
	Volume = {151},
	Year = {2005}}

@article{Lar2008,
	Author = {Larsen, Edward W. and Wollaber, Allan B.},
	Date-Added = {2010-01-15 15:01:35 -0500},
	Date-Modified = {2010-01-15 15:01:35 -0500},
	Journal = {Nuclear Science and Engineering},
	Keywords = {SN},
	Number = {3},
	Pages = {267--283},
	Title = {A Quantitative Theory of Angular Truncation Errors in Three-Dimensional {$S_N$} Calculations},
	Volume = {160},
	Year = {2008}}

@techreport{Car1953,
	Author = {Carlson, Bengt G.},
	Date-Added = {2010-01-15 14:53:00 -0500},
	Date-Modified = {2010-01-15 14:53:00 -0500},
	Institution = {Los Alamos Scientific Laboratory},
	Number = {LA-1599},
	Title = {Solution of the Transport Equation by {S$_n$} Approximations},
	Year = {1953}}

@book{Kno2000,
	Author = {Knoll, Glenn F.},
	Date-Added = {2010-01-15 14:52:06 -0500},
	Date-Modified = {2010-01-15 14:52:06 -0500},
	Edition = {3rd},
	Publisher = {John Wiley \& Sons, Inc.},
	Title = {Radiation Detection and Measurement},
	Year = {2000}}

@book{xie_book,
	Author = {Z. Xie and H. Wu and S. Zhang},
	Edition = {1st},
	Publisher = {Xi'an Jiaotong University Press},
	Title = {Nuclear Reactor Physics and Analysis},
	Year = {2004}}

@article{Pul2010,
	Author = {Pullum, Geoffrey K.},
	Journal = {English Today},
	Number = {2},
	Pages = {34--44},
	Title = {The Land of the Free and \emph{The Elements of Style}},
	Volume = {26},
	Year = {2010}}

@book{Str2000,
	Author = {Strunk, W. and White, E.B.},
	Edition = {4},
	Publisher = {New York: Allyn and Bacon},
	Title = {The Elements of Style},
	Year = {2000}}

